@article{Carr:1981,
    author = {Carr, Richard W. and Hennessy, John L.},
    title = {WSCLOCK\&Mdash;a Simple and Effective Algorithm for Virtual Memory Management},
    journal = {SIGOPS Oper. Syst. Rev.},
    issue_date = {December 1981},
    volume = {15},
    number = {5},
    month = dec,
    year = {1981},
    issn = {0163-5980},
    pages = {87--95},
    numpages = {9},
    url = {http://doi.acm.org/10.1145/1067627.806596},
    doi = {10.1145/1067627.806596},
    acmid = {806596},
    publisher = {ACM},
    address = {New York, NY, USA},
}

